@misc{TDD.GuestBlog, title={Ekaterina Novoseltseva: The Importance of TDD in Agile Development}, url={https://www.benlinders.com/2017/the-importance-of-tdd-in-agile-development/}, journal={Ben Linders}, author={Ekaterina Novoseltseva}, year={2017}, month={Sep}}

@book{astels_2003, place={Upper Saddle River, NJ}, title={Test-driven development: a practical guide}, publisher={Prentice Hall PTR}, author={Astels, David}, year={2003}}

@book{beck_2014, place={Boston}, title={Test-driven development by example}, publisher={Addison-Wesley}, author={Beck, Kent}, year={2014}}

@book{martin_2014, place={Harlow}, title={Agile software development principles, patterns, and practices}, publisher={Pearson Education Ltd}, author={Martin, Robert C.}, year={2014}}

@book{crispinlisa_gregoryjanet_2014,
  place={Upper Saddle River, N.J},
  title={Agile testing: a practical guide for testers and agile teams},
  publisher={Addison-Wesley},
  author={Crispin, Lisa and Gregory, Janet},
  year={2014}}

@misc{AgileManifesto, title={Manifesto for Agile Software Development},
  url={http://agilemanifesto.org/},
  journal={History: The Agile Manifesto}
}

@misc{ManifestoDigital, title={Scrum in practice: the daily scrum meeting}, url={https://manifesto.co.uk/scrum-practice-daily-scrum/}, journal={Manifesto}, author={Digital, Manifesto}, year={2018}, month={Feb}}

@online{TDD.Picture,
    title={TDD Global Lifecycle},
    url={https://commons.wikimedia.org/wiki/File:TDD_Global_Lifecycle.png},
    urldate = {2018-11-14}
}

@online{Ambysoft.Surveys,
    title={Scott W. Ambler/Ambysoft: Agile Testing Surveys},
    url={http://www.ambysoft.com/surveys/},
    urldate = {2018-11-15}
}


@book{gregory_crispin_2015, place={Upper Saddle River, NJ}, title={More agile testing learning journeys for the whole team}, publisher={Addison-Wesley}, author={Crispin, Lisa and Gregory, Janet}, year={2015}}
